@Misc{1,
key = {domotica},
title = {Domótica ¿Qué es la domótica? ¿Cómo funciona?},
url = {https://e-ficiencia.com/domotica-que-es-y-como-funciona/},
year = {2023}
}

@Misc{2,
key = {domotica},
title = {Domótica - Wikipedia},
url = {https://es.wikipedia.org/wiki/Domotica},
year = {2023}
}

